% Encoding: UTF-8

@Article{graves_2016,
  author  = {Graves, James T. and Acquisti, Alessandro and Christin, Nicolas},
  title   = {Big Data and Bad Data: On the Sensitivity of Security Policy to Imperfect Information},
  journal = {University of Chicago Law Review},
  year    = {2016},
  volume  = {83},
  number  = {1},
  pages   = {117-137},
}

@Article{giest_2017,
  author  = {Sarah Giest},
  title   = {Big data for policymaking: fad or fasttrack?},
  journal = {Policy Sciences},
  year    = {2017},
  volume  = {50},
  number  = {3},
  pages   = {367-382},
}

@Article{davidson_2017,
  author  = {Nestor M. Davidson},
  title   = {Afforfable Housing Law and Policy in an Era of Big Data},
  journal = {Fordham Urban Law Journal},
  year    = {2017},
  volume  = {44},
  number  = {2},
  pages   = {277-300},
}

@Article{alemayehu_2016,
  author  = {Demissie Alemayehu, Marc Berger},
  title   = {Big Data: transforming drug development and health policy decision making},
  journal = {Health Services \& Outcomes Research Methodology},
  year    = {2016},
  volume  = {16},
  number  = {3},
  pages   = {92-102},
}

@Article{stough_2014,
  author  = {Roger Stough and Dennis McBride},
  title   = {Big Data and U.S. Public Policy},
  journal = {Review of Policy Research},
  year    = {2014},
  volume  = {31},
  number  = {4},
  pages   = {339-342},
}

@Article{bright_2016,
  author  = {Jonathan Bright and Helen Margetts},
  title   = {Big Data and Public Policy: Can It Succeed Where E-Participation Has Failed?},
  journal = {Policy \& Internet},
  year    = {2016},
  volume  = {8},
  number  = {3},
  pages   = {218-224},
}

@Comment{jabref-meta: databaseType:bibtex;}
