@Book{Shumaker2010,
  title     = {Sports Data Mining},
  publisher = {Springer},
  year      = {2010},
  author    = {Robert P. Shumaker and Osama K. Solieman and Hsinchun Chen},
}

@Article{Leung2014,
  author  = {Carson K. Leung and Kyle W. Joseph},
  title   = {Sports data mining: predicting results for the college football games},
  journal = {Procedia Computer Science},
  year    = {2014},
  volume  = {35, special issue of KES 2014},
  pages   = {710-719},
}

@Article{Delen2012,
  author  = {Dursun Delen and Douglas Cogdell and Nihat Kasap},
  title   = {A comparative analysis of data mining methods in predicting NCAA bowl outcomes},
  journal = {International Journal of Forecasting},
  year    = {2012},
  volume  = {28},
  pages   = {543-552},
  url     = {https://doi.org/10.1016/j.ijforecast.2011.05.002},
}

@Article{Ofoghi2013,
  author  = {Bahadorreza Ofoghi and John Zeleznikow},
  title   = {Data Mining in Elite Sports: A Review and a Framework},
  journal = {Measurement in Physical Education and Exercise Science},
  year    = {2013},
  pages   = {171-186},
  month   = jul,
  url     = {http://dx.doi.org/10.1080/1091367X.2013.805137},
}

@Misc{Tracy2016,
  author       = {Mark Tracy},
  title        = {With Wearable Tech Deals, New Player Data Is Up for Grabs},
  howpublished = {The New York Times},
  month        = sep,
  year         = {2016},
  url          = {https://nyti.ms/2creZ4t},
}

@Misc{Myerberg2014,
  author       = {Paul Myerberg},
  title        = {Slowly but surely, college football teams embrace analytics},
  howpublished = {USA Today},
  month        = aug,
  year         = {2014},
  url          = {https://www.usatoday.com/story/sports/ncaaf/2014/08/24/college-football-preview-revolution-analytics/14289989/},
}

@Misc{Solomon2017,
  author       = {Jon Solomon},
  title        = {NCAA recommends ending two-a-day football practices and reducing tackling},
  howpublished = {CBS Sports Online},
  month        = jan,
  year         = {2017},
  url          = {https://www.cbssports.com/college-football/news/ncaa-recommends-ending-two-a-day-football-practices-and-reducing-tackling/},
}

@Misc{espn2017,
  title        = {ESPN Football Power Index - 2017},
  howpublished = {ESPN Online},
  month        = oct,
  year         = {2017},
  url          = {http://www.espn.com/college-football/statistics/teamratings},
}

@Misc{Hansen2017,
  author       = {Jeff Hansen},
  title        = {Sports Performance Platform puts data into play – and action – for athletes and teams},
  howpublished = {Official Microsoft Blog},
  month        = jun,
  year         = {2017},
  url          = {https://blogs.microsoft.com/blog/2017/06/27/sports-performance-platform-puts-data-play-action-athletes-teams/},
}

@Misc{Taylor2017,
  author = {Tom Taylor},
  title  = {Football's Next Frontier: The Battle Over Big Data},
  month  = jun,
  year   = {2017},
  url    = {https://www.si.com/2017/06/27/nfl-football-next-frontier-battle-big-data-whoop-nflpa},
}
